<?xml version="1.0" encoding="UTF-8"?><collection><record><leader>07687ntm a2200565 a 4500</leader><controlfield tag="001">006080023</controlfield><controlfield tag="003">MiAaHDL</controlfield><controlfield tag="005">20190719000000.0</controlfield><controlfield tag="006">m        d        </controlfield><controlfield tag="007">cr bn ---auaua</controlfield><controlfield tag="008">090414s1748    tu            00| ||ara d</controlfield><datafield tag="035" ind1=" " ind2=" "><subfield code="a">(MiU)006080023</subfield></datafield><datafield tag="035" ind1=" " ind2=" "><subfield code="a">sdr-miu006080023</subfield></datafield><datafield tag="040" ind1=" " ind2=" "><subfield code="a">MiU</subfield><subfield code="c">MiU</subfield><subfield code="e">amremm</subfield></datafield><datafield tag="043" ind1=" " ind2=" "><subfield code="a">n-us-mi</subfield></datafield><datafield tag="100" ind1="0" ind2=" "><subfield code="6">880-01</subfield><subfield code="a">Kadizade Mehmet Erzani,</subfield><subfield code="d">fl.1748.</subfield></datafield><datafield tag="245" ind1="1" ind2="0"><subfield code="6">880-03</subfield><subfield code="a">Baḥr al-fatāwá,</subfield><subfield code="f">[1161?, i.e. 1748?].</subfield></datafield><datafield tag="246" ind1="3" ind2=" "><subfield code="i">Edge title (head);</subfield><subfield code="a">بحر الفتاوى</subfield></datafield><datafield tag="260" ind1=" " ind2=" "><subfield code="a">[Erzurum?,</subfield><subfield code="c">1748?]</subfield></datafield><datafield tag="300" ind1=" " ind2=" "><subfield code="a">415 leaves :</subfield><subfield code="b">paper ;</subfield><subfield code="c">208 x 155 (165 x 91) mm. bound to 208 x 165 mm.</subfield></datafield><datafield tag="500" ind1=" " ind2=" "><subfield code="a">Shelfmark: Ann Arbor, University of Michigan, Special Collections Library, Isl. Ms. 71</subfield></datafield><datafield tag="500" ind1=" " ind2=" "><subfield code="a">Origin: As appears in opening on pp.24-25, assembled over the course of nearly three years then set down by the author in 1161 [1748]. A note on 'title page' (p.23) indicates that this ms. is a draft (مسودة) of the work, as attested by the layout and numerous lacunae, likely in the author's hand.</subfield></datafield><datafield tag="500" ind1=" " ind2=" "><subfield code="a">Accompanying materials: Two scraps each with notes, etc. (paginated pp.111-112 and pp.569-570).</subfield></datafield><datafield tag="500" ind1=" " ind2=" "><subfield code="a">Former shelfmark: British Museum, London "No. 152. Bahr al-fatawi."</subfield></datafield><datafield tag="500" ind1=" " ind2=" "><subfield code="a">Binding: Pasteboards covered in red leather ; Type II binding (with flap) ; board linings in yellow laid paper ; upper and lower covers bear blind-stamped central mandorla with rosettes accenting linear pendants and frame in tooled fillets ; sewn in brown thread, two stations ; endbands in red and blue, tail band in fair condition, head band in poor condition with losses and exposed core ; in poor condition with significant abrasion (even gashes), lifting and cracking of leather, lower cover detaching at spine, etc.</subfield></datafield><datafield tag="500" ind1=" " ind2=" "><subfield code="a">Support: European laid paper with 11 laid lines per cm. (vertical) and chain lines spaced 26-28 mm. apart (horizontal) ; crown and grapes watermark ; lightly burnished.</subfield></datafield><datafield tag="500" ind1=" " ind2=" "><subfield code="a">Decoration: Keywords, section headings and vocalization rubricated ; overlining and textual dividers in the form of inverted commas in red.</subfield></datafield><datafield tag="500" ind1=" " ind2=" "><subfield code="a">Script: Nastaʻlīq (talik) ; fine Turkish / Eastern Anatolian hand ; characteristically sans serif with effect of slight tilt to the left and of words descending to baseline, mainly closed counters, many sweeping descenders and elongated horizontal strokes, pointing (for two and three dots) mainly in strokes ; opening partially vocalized in red ink.</subfield></datafield><datafield tag="500" ind1=" " ind2=" "><subfield code="a">Layout: As may be expected of a draft or rough copy (مسودة), the number of lines per page varies widely throughout.</subfield></datafield><datafield tag="500" ind1=" " ind2=" "><subfield code="a">Collation: i, III+1 (7), 6 IV(55), VI (67), 3 V(97), II+1 (102), V+1 (113), V (123), IV (131), V (141), III (147), VI (159), 2 IV(175), VI (187), V (197), VI (209), 2 VIII (241), VI (253), III (259), IV+1 (268), VIII+1 (285), V (295), IV (303), III (309), VI (321), 2 IV (337), IV+1 (346), V (356), II (360), III (366), V+1 (377), 4 IV(409), III (415) ; numerous lacunae (unmarked) as may be expected of draft or rough copy (مسودة), regularly appearing between chapters ; catchwords present ; foliation in red ink, Hindu-Arabic numerals ; pagination in pencil, Western numerals, supplied during digitization.</subfield></datafield><datafield tag="500" ind1=" " ind2=" "><subfield code="a">Explicit: "فان كانت حية فالثلثان للاختين والسدس للام والسدس الباقي للاخت لام ولا شحاء للاخ لاب الذي هو القائل وان كانت ميتة فالسدس الباقي له"</subfield></datafield><datafield tag="500" ind1=" " ind2=" "><subfield code="a">Incipit: "احمد الله الذي جعل المجتهدين المتقدمين هداة المؤمنين ببيان الاحكام ... اما بعد فيقول الفقير الى عفو ربه الغني الشهير بقاضي زاده محمد الارزني مولدا ومحتدا المفتي بمدينة ارزن الروم برتبة قضاء حلب الشهباء لما ضاقت منطقة التحرير عما كتب في كتب الفتاوى وقصرت يد القدرة عن ضبط ما حرر فيها جمعت بقدر الوسع من وقت افتائي فيها بعض واقعات الفتوى وغيره في مجموعة غير مرتبة الى قريب من ثلثين سنة ثم بيضها في سنة احدى وستين ومائة والف من تردد لدي من الفضلاء شكر الله سعيه فصارت مجموعة كبرى وبحرا ذخارا فسميتها ببحر الفتاوى راجيا ان تكون ذخيرة العقبى وعازما على الطافي بها بعد هذا بعض واقعات الفتوى بعناية الله تعالى ..."</subfield></datafield><datafield tag="500" ind1=" " ind2=" "><subfield code="a">Title from opening (pp.24-25).</subfield></datafield><datafield tag="500" ind1=" " ind2=" "><subfield code="a">Ms. codex.</subfield></datafield><datafield tag="510" ind1="4" ind2=" "><subfield code="a">Brockelmann, C. GAL,</subfield><subfield code="c">S II 649 ; II 438</subfield></datafield><datafield tag="520" ind1="8" ind2=" "><subfield code="a">Fine draft or rough copy (musawwadah) of an extensive collection of legal decisions assembled and set down by Qāḍīʹzādah Muḥammad al-Arzanī, muftī in Erzurum. A detailed table of contents precedes the text (pp.9-16).</subfield></datafield><datafield tag="538" ind1=" " ind2=" "><subfield code="a">Mode of access: Internet.</subfield></datafield><datafield tag="541" ind1=" " ind2=" "><subfield code="c">Purchase ;</subfield><subfield code="a">Acquired by purchase along with Abdul Hamid Collection (funds donated by Horace Rackham).</subfield><subfield code="d">1924.</subfield></datafield><datafield tag="546" ind1=" " ind2=" "><subfield code="a">Arabic.</subfield></datafield><datafield tag="561" ind1=" " ind2=" "><subfield code="a">Bookplate of British Museum, London on interior of verso of front flyleaf, "British Museum, London. No. 152. Bahr al-fatawi." ; circular seal impression with figure of goat/gazelle in purple ink as well as inscription "158" in Western numerals on recto of front flyleaf (p.1) ; on p.8 preceding table of contents, ownership statement in name of Jannat'zādah, al-Sayyid Ismāʻīl Muḥyī ibn Muḥammad Rāghib (Cennetzade İsmail Muhyi bin Mehmet Ragıp) accompanied by circular seal impression "رب سهل امور اسمعيل", statement reads "قد دخل هذه المجموعة المعتبرة الى سلك ملك الفقير اليه عز شانه جنت زاده السيد اسماعيل محيى المدرس وقائمقام نقيب الاشراف بارضروم ابن محمد راغب المفتي بمدينة ارضروم ابن اسماعيل المدرس برتبة [...؟] ابن احمد القاضي بارضروم صان الله تعالى عن البلية والغموم وغفر له [؟] تم" ; on blue-tinted paper pasted above opening on p.24, a detailed waqf statement in the name of al-Sayyid ʻAbd Allāh Adīb (Abdullah Edip), known as Jannatʹzādah (Cennet-zade), qāḍī of Erzurum, accompanied by his seal, reads: "وقفت وقفا صحيحا شرعيا على ان لا يخرج من بيت الكتب المتصق بداري الا لعلماء سكنوا بارضروم بكفيل مرعى اورهن قوي وانا الفقير السيد عبد الله اديب الشهير بجنت زاده القاضي بمدينة ارضروم في سنة اثنى وستين ومائتين والف" ; numerous marginal notes and corrections as well as notabilia ; rare mark of collation "بلغ".</subfield></datafield><datafield tag="650" ind1=" " ind2="0"><subfield code="a">Manuscripts, Arabic</subfield><subfield code="z">Michigan</subfield><subfield code="z">Ann Arbor.</subfield></datafield><datafield tag="650" ind1=" " ind2="0"><subfield code="a">Islamic law</subfield><subfield code="v">Sources</subfield><subfield code="v">Early works to 1800.</subfield></datafield><datafield tag="650" ind1=" " ind2="0"><subfield code="a">Fatwas</subfield><subfield code="v">Early works to 1800.</subfield></datafield><datafield tag="700" ind1="0" ind2=" "><subfield code="6">880-05</subfield><subfield code="a">Cennetzade İsmail Muhyi bin Mehmet Ragıp,</subfield><subfield code="e">former owner.</subfield></datafield><datafield tag="700" ind1="0" ind2=" "><subfield code="6">880-04</subfield><subfield code="a">Kadizade Mehmet Erzani,</subfield><subfield code="d">fl.1748,</subfield><subfield code="e">scribe.</subfield></datafield><datafield tag="773" ind1="0" ind2=" "><subfield code="a">Tiflis Collection.</subfield></datafield><datafield tag="880" ind1="0" ind2=" "><subfield code="6">700-05/</subfield><subfield code="a">جنت زاده اسماعيل محيى بن محمد راغب،</subfield><subfield code="e">مالك سابق.</subfield></datafield><datafield tag="880" ind1="0" ind2=" "><subfield code="6">700-04/</subfield><subfield code="a">قاضى زاده محمد ارزنى،</subfield><subfield code="e">ناسخ.</subfield></datafield><datafield tag="880" ind1="1" ind2="0"><subfield code="6">245-03/</subfield><subfield code="a">بحر الفتاوى,</subfield><subfield code="f">[1161ه؟، 1748م؟].</subfield></datafield><datafield tag="880" ind1="0" ind2=" "><subfield code="6">100-01/</subfield><subfield code="a">قاضى زاده محمد ارزنى.</subfield></datafield><datafield tag="CID" ind1=" " ind2=" "><subfield code="a">006080023</subfield></datafield><datafield tag="DAT" ind1="0" ind2=" "><subfield code="a">20190719102634.0</subfield><subfield code="b">20190719000000.0</subfield></datafield><datafield tag="DAT" ind1="1" ind2=" "><subfield code="a">20190719090653.0</subfield><subfield code="b">2019-07-19T16:11:14Z</subfield></datafield><datafield tag="DAT" ind1="2" ind2=" "><subfield code="a">2015-10-10T18:00:06Z</subfield></datafield><datafield tag="CAT" ind1=" " ind2=" "><subfield code="a">SDR-MIU</subfield><subfield code="d">EX LIBRIS - ALEPH</subfield><subfield code="l">prepare.pl-004-008</subfield></datafield><datafield tag="FMT" ind1=" " ind2=" "><subfield code="a">BK</subfield></datafield><datafield tag="HOL" ind1=" " ind2=" "><subfield code="0">sdr-miu006080023</subfield><subfield code="a">MiU</subfield><subfield code="b">SDR</subfield><subfield code="c">MIU</subfield><subfield code="p">mdp.39015079124965</subfield><subfield code="s">MIU</subfield><subfield code="1">006080023</subfield></datafield><datafield tag="974" ind1=" " ind2=" "><subfield code="b">MIU</subfield><subfield code="c">MIU</subfield><subfield code="d">20190719</subfield><subfield code="s">lit-dlps-dc</subfield><subfield code="u">mdp.39015079124965</subfield><subfield code="y">1748</subfield><subfield code="r">pd</subfield><subfield code="q">bib</subfield><subfield code="t">non-US bib date1 &lt; 1896</subfield></datafield></record></collection>